@misc{mdamian,
	title = {From vertices to fragments: rasterization},
	author ={Mirela Damian},
	url = {http://www.csc.villanova.edu/~mdamian/Past/csc8470sp15/notes/Rasterization.pdf}
}

@misc{mallinus,
	url = {https://www.cs.helsinki.fi/group/goa/mallinnus/lines/bresenh.html},
	title = {The Bresenham Line-Drawing Algorithm},
	publisher = {University of Helsinki}
}
@misc{bhowmick,
	title = {Computer Graphics Selected Lecture Notes},
	url = {https://cse.iitkgp.ac.in/~pb/pb-graphics-2018.pdf},
	publisher = {IIT Kharagpur},
	author = {Partha Bhowmick},
	year = {2018}
}

@misc{thain,
	title = {gfx: A Simple Graphics Library (V2)},
	url = {https://www3.nd.edu/~dthain/courses/cse20211/fall2013/gfx/},
	author = {Douglas Thain},
	publisher = {University of Notre Dame}
}