@misc{report_ghosh,
    url = {https://www.isid.ac.in/~deepayan/ICP2017/projects/Biswadeep_Ghosh/report.pdf},
    title = {Breadth First search and Depth First search - Finding connected components},
    year = {2018},
    author = {Biswadeep Ghosh}
}

@misc{online_time_bfs_example,
    url = {https://stackoverflow.com/questions/26549140/breadth-first-search-time-complexity-analysis}
}

@misc {lec_notes_malmberg,
    url             = {https://www.it.uu.se/edu/course/homepage/bild2/vt15/schedule/graphs.pdf},
    title           = {Graph-based methods and segmentation},
    author          = {Filip Malmberg}
}

@misc{lec_notes_dgalvin,
    url             = {https://www3.nd.edu/~dgalvin1/40210/40210_F12/CGT_early.pdf},
}

@misc{notes_vplab,
    url             = {http://www.cse.iitm.ac.in/~vplab/courses/CV_DIP/PDF/NEIGH_CONN.pdf}    
    }
    
@misc{lec_notes_compsci773s1c,
    url             = {https://www.cs.auckland.ac.nz/courses/compsci773s1c/lectures/ImageProcessing-html/topic3.htm}
}

@online{lec_notes_hlavac,
    url             = {http://people.ciirc.cvut.cz/~hlavac/TeachPresEn/15ImageAnalysis/32-08aGraphsForImageSegmentation.pdf},
    
}