% @section D3
@misc{nasmdoc,
  author = {NASM Development Team},
  title = {{NASM - The Netwide Assembler}},
  howpublished = "\url{https://www.nasm.us/xdoc/2.13.01/nasmdoc.pdf/}",
  year = {2017}, 
  note = "[Online; accessed 22-April-2019]"
}

@misc{nasmtut,
  title = {{Learn Assembly Language}},
  howpublished = "\url{https://asmtutor.com/#lesson2}",
  note = "[Online; accessed 28-April-2019]"
}

% https://www.csee.umbc.edu/portal/help/nasm/sample.shtmlj
@misc{nasmtut2,
  title = {{Sample nasm programs}},
  howpublished = "\url{https://www.csee.umbc.edu/portal/help/nasm/sample.shtml}",
  note = "[Online; accessed 28-April-2019]"
}

@misc{parkertut,
  title = {{Writing a Bootloader Part 1}},
  howpublished = "\url{http://3zanders.co.uk/2017/10/13/writing-a-bootloader/
}",
  note = "[Online; accessed 30-April-2019]",
  author = {Alex Parker},
  year = {2017} 
}

% TODO: make this a book ref
@misc{linuxinsides,
  title = {{Linux insides}},
  howpublished = "\url{http://3zanders.co.uk/2017/10/13/writing-a-bootloader/}",
  note = "[Online; accessed 23-April-2019]",
  author = {0xax},
  year = {2017} 
}




