@book{lay,
    author    = {David Lay},
    title     = {Linear Algebra and Its Applications},
    year      = {2014},
    publisher = {Addison-Wesley},
    pages = {401-424}
}

@online{stackexellipse1,
	author	= {meelo},
	url		= {https://math.stackexchange.com/q/1558345}, 
	title	= {Drawing Ellipse from eigenvalue-eigenvector.},
	version	= {2015-12-04},
}

@misc{chen_lec_notes,
	author		= {Chia-Ping Chen},
	title		= {Positive Definite Matrix},
	month		= {October},
	year		= {2012},
	publisher	= {National Sun Yat-sen University}
	%url=http://slpl.cse.nsysu.edu.tw/chiaping/la/pdm.pdf
}

%quad form crit
@article{article_csaki,
url = {https://pp.bme.hu/ee/article/download/5099/4204},
title = {A CONCISE PROOF OF SYLVESTER'S THEOREM},
year = {1970},
author = {A. Csaki}
}

% p 12
@misc{lec_notes_zwick,
	author		= {Dylan Zwick},
    title		= {Lecture 33 : Positive Definite Matrices},
    year		= {2012},
    publisher	= {MIT},
	% url = http://www.math.utah.edu/~zwick/Classes/Fall2012_2270/Lectures/Lecture33_with_Examples.pdf
}

% ~p 12, neg definitiveness proof
@article{giorgi_definitiveness,
author = {Giorgio, Giorgi},
year = {2017},
month = {10},
pages = {55},
title = {Various Proofs of the Sylvester Criterion for Quadratic Forms},
volume = {9},
booktitle = {Journal of Mathematics Research},
url = {https://www.researchgate.net/publication/320661702_Various_Proofs_of_the_Sylvester_Criterion_for_Quadratic_Forms/fulltext/59f366acaca272607e290f09/32066}
}

@misc{lec_notes_kth,
	title		= {Lecture: Quadratic optimization},
    publisher	= {KTH Royal Institute of Technology in Stockholm},
    year		= {2017},
    % url = https://www.math.kth.se/optsyst/grundutbildning/kurser/SF1811/L7/L7ENG.pdf
}

@misc{lec_notes_olver,
	title		= {Numerical Analysis Lecture Notes: 12. Minimization},
    author		= {Peter Olver},
    publisher	= {University of Minnesota},
% http://www-users.math.umn.edu/~olver/num_/lnz.pdf
}

@article{book_bunch,
title = "A computational method for the indefinite quadratic programming problem",
journal = "Linear Algebra and its Applications",
volume = "34",
pages = "341 - 370",
year = "1980",
issn = "0024-3795",
doi = "https://doi.org/10.1016/0024-3795(80)90172-X",
url = "http://www.sciencedirect.com/science/article/pii/002437958090172X",
author = "James R. Bunch and Linda Kaufman"
}

@misc{lec_notes_sasane,
	title		= {Optimization(SF1811/SF1831/SF1841)},
	author		= {Amol Sasane and Krister Svanberg},
    publisher	= {KTH Royal Institute of Technology in Stockholm},
    %url = http://personal.lse.ac.uk/sasane/Optimization.pdf
}

@book{book_beck,
  doi = {10.1137/1.9781611973655},
  url = {https://my.siam.org/books/mo19/MO19_ch2.pdf},
  year  = {2014},
  month = {oct},
  publisher = {Society for Industrial and Applied Mathematics},
  author = {Amir Beck},
  title = {Introduction to Nonlinear Optimization},
  chapter = {2}
}

@online{pauls_notes_minmax,
	url			= {http://tutorial.math.lamar.edu/Classes/CalcIII/RelativeExtrema.aspx},
    title		= {Relative Minimums and Maximums},
	urldate		= {2018-07-24},
	author		= {Paul's Online Math Notes},
}

@misc{lec_notes_wang,
	author		= {Yuan-Fang Wang},
    publisher	= {University of California},
    title		= {CS291A: Quadratic Programming},
    year		= {2017}
% url = http://www.cs.ucsb.edu/~yfwang/courses/cs290i_prann/pdf/qp.pdf
}

@misc{seminar_bast,
	author		= {Holger Bast},
    title		= {Seminar: Advanced Topics in Information Retrieval, An existence proof for the singular value decomposition},
    year		= {2004},
    month		= {October},
% url = https://people.mpi-inf.mpg.de/~bast/ir-seminar-ws04/lecture2.pdf
}

@published{pres_bingham,
	title		= {Singular Value Decompositionand Digital Image Compression},
    author		= {Christopher Bingham},
    year		= {2016},
    month		= {December},
    publisher	= {Redwoods College},
	url 	= {https://mse.redwoods.edu/darnold/math45/laproj/fall2016/ChristopherBingham/paper.pdf}
}


% svd and fund spaces
@misc{lec_notes_ipsen,
	publisher		= {NC State University},
    title			= {Chapter 4Singular ValueDecomposition},
    author			= {Ilse Ipsen},
	url				= {http://www4.ncsu.edu/~ipsen/REU09/chapter4.pdf}
}


% rank one matrices
@misc{lec_notes_roughgarden,
	title		= {CS168: The Modern Algorithmic Toolbox Lecture 9: The Singular Value Decomposition (SVD)and Low-Rank Matrix Approximations},
    author		= {Tim Roughgarden \& Gregory Valiant},
    year		= {2017},
    publisher	= {University of Stanford},
	url 		= {http://theory.stanford.edu/~tim/s17/l/l9.pdf}
}

@online{stackexch_rank_one,
    title = {A rank-one matrix is the product of two vectors},
    author = {amd},
    howpublished = {Mathematics Stack Exchange},
    note = {URL:https://math.stackexchange.com/q/1545147 (version: 2015-11-25)},
    %eprint = {https://math.stackexchange.com/q/1545147},
    url = {https://math.stackexchange.com/q/1545147}
}

@MISC {stackexch_svd_geo,
    TITLE = {Transform a sphere to an ellipse using a matrix},
    AUTHOR = {RSS (https://math.stackexchange.com/users/326045/rss)},
    HOWPUBLISHED = {Mathematics Stack Exchange},
    NOTE = {URL:https://math.stackexchange.com/q/1948989 (version: 2016-10-01)},
    EPRINT = {https://math.stackexchange.com/q/1948989},
    URL = {https://math.stackexchange.com/q/1948989}
}


@misc{lec_notes_geijin,
	url = {http://www.cs.utexas.edu/users/flame/Notes/NotesOnSVD.pdf},
	title		= {Notes on the Singular Value Decomposition},
    author		= {Robert van de Geijn},
    publisher	= {The University of Texas at Austin},
    year		= {2014},
    month		= {September},
}

@book{strang09,
  added-at = {2015-12-12T12:30:36.000+0100},
  address = {Wellesley, MA},
  author = {Strang, Gilbert},
  biburl = {https://www.bibsonomy.org/bibtex/2bc7873401f7c192b135b97133880f2e8/ytyoun},
  edition = {Fourth},
  interhash = {86ecbb209ecd8a6c15709f934e8c7b70},
  intrahash = {bc7873401f7c192b135b97133880f2e8},
  isbn = {9780980232714 0980232716 9780980232721 0980232724 9788175968110 8175968117},
  keywords = {linear.algebra matrix strang textbook},
  publisher = {Wellesley-Cambridge Press},
  refid = {298178914},
  timestamp = {2015-12-12T12:30:36.000+0100},
  title = {Introduction to Linear Algebra},
  year = 2009
}



@misc{lec_notes_kalman,
	title		= {A Singularly Valuable Decomposition:  The SVD of a Matrix},
	url			= {https://datajobs.com/data-science-repo/SVD-[Dan-Kalman].pdf},
    author		= {Dan Kalman},
    publisher	= {The American University},
    year		= {2002},
    month		= {February}
}

@misc{lec_notes_hyde,
	url		= {http://jekyll.math.byuh.edu/courses/m343/handouts/svdbasis.pdf},
    title	= {Orthonormal Bases for the Four Subspaces using the Singular Value Decomposition},
    year	= {2017},
    month	= {February},
    publisher	= {Brigham Young University},
    author	= {S Hyde}
}

@misc{lec_notes_gander,
	url		= {https://www2.math.ethz.ch/education/bachelor/lectures/hs2014/other/linalg_INFK/svdneu.pdf},
    title	= {The Singular Value Decomposition},
    author	= {Walter Gander},
    publisher	= {ETH Zurich},
    year		= {2008},
    month		= {December}
}

@misc{lec_notes_embree,
	url		= {http://www.math.vt.edu/people/embree/math5524/chapter3.pdf},
    title		= {Singular Value Decomposition},
    year		= {2017},
    month		= {April},
    author		= {Mark Embree},
    publisher	= {Virginia Tech},
}

@misc{lec_notes_beiwang,
	url			= {http://www.sci.utah.edu/~beiwang/teaching/cs6210-fall-2016/lecture18.pdf},
    title		= {Lecture 18: The SVD: Examples, Norms, Fundamental Subspaces, Compression},
    year		= {2016},
    author		= {Bei Wang},
    publisher	= {University of Utah}
}

@misc{lec_notes_ven,
	url			= {http://www.cs.cmu.edu/~venkatg/teaching/CStheory-infoage/SVD-chap.pdf},
    title		= {Singular Value Decomposition (SVD)},
    author		= {Venkatesan Guruswami},
    year		= {2012},
    publisher	= {Carnegie Mellon University}
}

@online{quora_svd_jpg,
	url			= {https://www.quora.com/I-was-using-SVD-for-image-compression-But-I-found-out-that-this-is-not-the-technique-that-is-used-in-general-for-this-purpose-ex-JPEG-compression-Why-is-it-so-What-are-some-of-the-disadvantages-of-using-SVD-for-image-compression/answer/Jason-Liu-21},
    author		= {Jason Liu},
    version	= {2015-11-25}
}

@misc{lec_notes_georgy,
	url			= {https://www.cs.auckland.ac.nz/courses/compsci369s1c/lectures/GG-notes/CS369-LeastSquares.pdf},
    author		= {Georgy Gimelâ€™farb},
    publisher	= {The University of Auckland}
}

@MISC {stackexch_pseudo,
    TITLE = {Pseudoinverse matrix and SVD},
    AUTHOR = {Rasmus (https://math.stackexchange.com/users/367/rasmus)},
    HOWPUBLISHED = {Mathematics Stack Exchange},
    NOTE = {URL:https://math.stackexchange.com/q/19954 (version: 2011-02-01)},
    EPRINT = {https://math.stackexchange.com/q/19954},
    URL = {https://math.stackexchange.com/q/19954}
}

@MISC {stackexch_pseudo_prop,
    TITLE = {Properties of the pseudoinverse of a matrix},
    AUTHOR = {Stefan Perko (https://math.stackexchange.com/users/166694/stefan-perko)},
    HOWPUBLISHED = {Mathematics Stack Exchange},
    NOTE = {URL:https://math.stackexchange.com/q/1496487 (version: 2015-10-25)},
    EPRINT = {https://math.stackexchange.com/q/1496487},
    URL = {https://math.stackexchange.com/q/1496487}
}

% SVD for PCA
@misc{lec_notes_gillies,
    url         = {https://www.doc.ic.ac.uk/~dfg/ProbabilisticInference/IDAPISlides14.pdf},
    title       = {Lecture 14: Dimensionality Reduction with PCA},
    author      = {Duncan Gillies and Marc Deisenroth}
}

% p~50, cholesky appendix
@misc{lec_notes_mtsui,
	title		= {Lecture 23:Cholesky Factorization},
    author		= {Mao-Pei Tsui},
    year		= {2008},
    month		= {March},
    publisher	= {University of Toledo},
    % url = http://math.utoledo.edu/~mtsui/4350sp08/homework/Lec23.pdf
}

% p~50, cholesky appendix
@misc{lec_notes_leykekhman,
	author		= {Dmitriy Leykekhman},
	title 		= {Lecture 5.  Solving Linear Systems 3},
    year 		= {2008},
    publisher	= {University of Connecticut},
    % url = http://www.math.uconn.edu/~leykekhman/courses/MATH3795/Lectures/Lecture_5_Linear_systems_3.pdf
}

@misc{gradient_pauls_ex,
	url			= {http://tutorial.math.lamar.edu/Classes/CalcIII/DirectionalDeriv.aspx#PD_DirectDeriv_Ex1a},
    title		= {Directional Derivatives},
    author		= {Paul's Online Math Notes}
}

% gradient appendix
@misc{gradient_perp_proof,
	url		= {https://ocw.mit.edu/courses/mathematics/18-02sc-multivariable-calculus-fall-2010/2.-partial-derivatives/part-b-chain-rule-gradient-and-directional-derivatives/session-36-proof/MIT18_02SC_notes_19.pdf},
    publisher	= {MIT},
    year		= {2010},
    author		= {Denis Auroux},
    title		= {Gradient:proof that it is perpendicular to level curves and surfaces}
}

% taylor appendix
@misc{lec_notes_jones,
	url			= {http://wwwf.imperial.ac.uk/~nsjones/ee2mafmv2.pdf},
    title		= {EE2 Mathematics : Functions of Multiple Variables},
    publisher	= {Imperial College London},
    author		= {Nick Jones}
}

% taylor app
@misc{lec_notes_fsu,
	url =		{https://people.sc.fsu.edu/~jburkardt/classes/gateway_2014/lecture_week14.pdf},
    title =		{Vector Form of Taylorâ€™s Series, Integration in Higher Dimensions,and Greenâ€™s Theorems},
    year = 		{2014},
    author =	{John Burkardt},
    publisher =	{Florida State University},
}

% taylor app
@online{taylor_123,
	url =		{http://fourier.eng.hmc.edu/e176/lectures/NM/node45.html},
    title =		{Taylor series expansion},
}

% taylor app
@MISC {stackexch_tay,
    TITLE = {Why/How does the determinant of the Hessian matrix, combined with the 2nd derivatives, tell us max., min., saddle points? Reasoning behind it?},
HOWPUBLISHED = {Mathematics Stack Exchange},
    URL = {https://math.stackexchange.com/q/1985915}
}





