@MISC {aptitudequestions,
    TITLE = {C Operators - Aptitude Questions \& Answers
},
    HOWPUBLISHED = {includehelp.com},
    URL = {https://www.includehelp.com/c/operators-aptitude-questions-and-answers.aspx},
    urldate = {2019-11-28}
}
