@misc{weizhu,
    url = {http://www.ams.sunysb.edu/~zhu/ams571/matrixvector.pdf},
    title = {Matrix \& Vector Basic Linear Algebra \& Calculus},
    author = {Wei Zhu}
}

@misc{nielsen,
    title = {INTRODUCTION TO VECTOR AND MATRIX DIFFERENTIATION},
    author = {Heino Bohn Nielsen},
    year = {2012},
    url = {https://absalon.instructure.com/files/1853451/download?download_frd=1}
}

@misc{projectrhea,
    url = {https://www.projectrhea.org/rhea/index.php/Jacobian},
    title = {Jacobians and their applications},
    author = {Joseph Ruan}
}