@misc{amsi,
    title = {Proof of the binomial theorem by mathematical induction},
    url = {http://amsi.org.au/ESA_Senior_Years/SeniorTopic1/1c/1c_2content_6.html#:~:text=Proof\%20of\%20the\%20binomial\%20theorem\%20by\%20mathematical\%20induction,-In\%20this\%20section&text=(a\%2Bb)n\%3D,\%3D1\%20and\%20n\%3D2.&text=(a\%2Bb)k\%3D,k\%E2\%88\%921\%2Bbk.}
}