% 
@misc{lecnormsproof,
  title = {STA863 lecture notes: Vector and Matrix Analysis},
  howpublished = {\url{http://www2.stat.duke.edu/~sayan/863/lec/lec11.pdf}},
  institution = {Duke University},
  author = {Sayan Mukherjee},
  year = {2013},
  note = {Accessed: 2019-07-07}
}

%
@misc{lecconrad,
    howpublished = {\url{https://kconrad.math.uconn.edu/blurbs/linmultialg/matrixnorm.pdf}},
    author = {Keith Conrad},
    institution = {University of Connecticut},
    title = {Computing the Norm of a Matrix}
}

% 
@misc{lecdalhe,
    howpublished = {\url{https://ocw.mit.edu/courses/electrical-engineering-and-computer-science/6-241j-dynamic-systems-and-control-spring-2011/readings/MIT6_241JS11_chap04.pdf}},
    author = {Dahleh, M. and Dahleh, M., and Verghese, G.},
    title = {Lectures on Dynamic Systems and Control},
    institution = {MIT},
    year = {2011}
}

@MISC {stackratioproof,
    TITLE = {Why the condition number of matrix given by eigenvalues?},
    AUTHOR = {Mostafa Ayaz (https://math.stackexchange.com/users/518023/mostafa-ayaz)},
    HOWPUBLISHED = {Mathematics Stack Exchange},
    NOTE = {URL:https://math.stackexchange.com/q/2817640 (version: 2018-06-12)},
    EPRINT = {https://math.stackexchange.com/q/2817640},
    URL = {https://math.stackexchange.com/q/2817640}
}

@MISC {docopencvoptflow,
    TITLE = {Optical Flow },
    year = {2017},
    URL = {https://docs.opencv.org/3.3.1/d7/d8b/tutorial_py_lucas_kanade.html}
}