@Inbook{Melo2013,
author="Melo, Francisco",
editor="Dubitzky, Werner
and Wolkenhauer, Olaf
and Cho, Kwang-Hyun
and Yokota, Hiroki",
title="Area under the ROC Curve",
bookTitle="Encyclopedia of Systems Biology",
year="2013",
publisher="Springer New York",
address="New York, NY",
pages="38--39",
isbn="978-1-4419-9863-7",
doi="10.1007/978-1-4419-9863-7_209",
url="https://doi.org/10.1007/978-1-4419-9863-7_209"
}

% https://datascience.stackexchange.com/a/31877
@misc{soAUC,
  title = {AUC-ROC of a random classifier},
  howpublished = {\url{ https://datascience.stackexchange.com/a/31877}},
  note = {Accessed: 2019-09-03}
}