@book{bookmitchell,
 Author = {CodeSourcery LLC},
 title = {Advanced Linux Programming},
 description = {Advanced Linux Programming (Book, 2001)},
 publisher = {Sams Publishing},
 interhash = {a4c6b81fe7e7f48418c4900d7fe1da6b},
 intrahash = {d621e5e46e8a9ad546d7269f80615add},
 year = {2001},
 month = {jun},
 isbn = {0735710430},
 url = {https://www.xarg.org/ref/a/0735710430/}
}

@misc{webdelight,
  title = {What are PID and PPID?},
  howpublished = {\url{https://delightlylinux.wordpress.com/2012/06/25/what-is-pid-and-ppid/}},
  note = {Accessed: 2019-02-06}
}

@misc{stflowforkexec,
    title = {Differences between fork and exec
},
    howpublished = {\url{https://stackoverflow.com/a/1653415}},
    author = {paxdiablo}
}

% 
@misc{webg4gfork,
    title = {fork() in C
},
    author = {GeeksForGeeks},
    howpublished = {\url{https://www.geeksforgeeks.org/fork-system-call/}},
}